<?xml version="1.0" encoding="UTF-8"?><collection xmlns="http://www.loc.gov/MARC21/slim"><record><leader>00406nam--2200169-u-4500</leader><controlfield tag="001">000052877</controlfield><controlfield tag="002">20161230</controlfield><controlfield tag="005">20161230201050</controlfield><controlfield tag="008">101125s1000------------r-----000-0-eng-d</controlfield><datafield ind1=" " ind2=" " tag="040"><subfield code="a">IFIN-HH</subfield></datafield><datafield ind1=" " ind2=" " tag="080"><subfield code="a">535:681.785.4</subfield></datafield><datafield ind1=" " ind2=" " tag="110"><subfield code="a">Eg&amp;g Gamma Scientific</subfield></datafield><datafield ind1="1" ind2="0" tag="245"><subfield code="a">Light measurement workshop</subfield></datafield><datafield ind1=" " ind2=" " tag="260"><subfield code="a">San Diego</subfield><subfield code="b">Eg&amp;g, Inc</subfield></datafield><datafield ind1=" " ind2=" " tag="300"><subfield code="a">99P</subfield></datafield><datafield ind1=" " ind2=" " tag="852"><subfield code="a">73555</subfield><subfield code="c">535</subfield></datafield><datafield ind1=" " ind2=" " tag="CAT"><subfield code="a">Sys</subfield><subfield code="c">20101125</subfield><subfield code="h">140140</subfield></datafield></record></collection>